3090 5190
140 482 210 529 cna.
225 483 265 528 xi.
487 490 534 541 DE
553 490 787 542 BLASPHEMm.
1288 499 1343 558 ¹7¹

143 650 175 708 in
202 667 340 722 numero,
370 669 438 708 cum
466 648 674 708 individuatur
708 670 726 709 a
753 665 898 726 ternpore,
927 653 974 711 vel
1002 673 1062 728 quo
1090 655 1130 711 ad
1153 664 1269 719 identicn,
1284 666 1330 710 and

143 737 291 796 terminos
314 757 394 810 suos,
418 740 466 796 vel
489 758 550 815 quo
574 740 613 796 ad
637 738 861 797 successionem
886 754 985 798 motus
1014 741 1046 798 in
1069 760 1131 817 quo
1147 722 1340 814 ‘'fflnhneestj‘sssss'

144 824 288 884 consistit.
324 827 384 883 Sed
415 825 516 900 primo
545 828 637 884 modo
669 826 747 884 redit
779 826 860 884 idem
893 841 1064 902 peccatum,
1097 841 1132 886 ut
1141 822 1299 919 aflddffigraeffts
1312 835 1351 867 are

143 912 279 989 loquitur
302 912 464 988 scriptura.
489 917 651 973 Peccatum
669 913 766 972 eciam
783 927 883 990 potest
904 915 956 972 diu
973 934 1131 974 remanere
1296 907 1301 918 '

118 1001 191 1059 5vel
212 999 244 1057 in
267 1008 322 1058 suo
345 1001 445 1059 fructu
462 1015 495 1059 ut
512 1020 600 1077 pena,
616 1002 664 1059 vel
679 1001 856 1074 formaliter,
875 1014 904 1060 et
920 1002 1021 1077 primo
1040 1006 1132 1061 modo

143 1100 304 1163 peccatum
328 1087 409 1146 idem
433 1088 521 1162 redit,
543 1103 572 1146 et
588 1102 725 1148 remanet
740 1103 888 1165 perpetuo
904 1088 936 1146 in
953 1092 1131 1165 dampnato,

142 1189 178 1234 ut
200 1188 284 1250 patet
312 1178 348 1234 de
376 1189 503 1251 peccato
531 1176 630 1235 finalis
660 1176 874 1251 inpenitencie.
909 1178 1006 1236 Multa
1029 1191 1132 1237 autem

142 1264 246 1322 locuta
262 1265 299 1321 de
314 1263 448 1339 peccatis
464 1266 637 1340 dependent
652 1283 743 1340 super
758 1264 857 1340 logica
873 1276 903 1323 et
916 1265 1132 1341 metaphisica3

145 1363 174 1409 et
188 1350 246 1410 nisi
262 1365 295 1409 ut
310 1353 453 1410 obturent
468 1351 649 1411 Anticristos
667 1351 741 1410 utile
757 1366 802 1410 est
818 1365 960 1411 tractare.

196 1587 216 1634 3.
231 1589 310 1644 primo
329 1588 401 1632 modo
423 1588 501 1633 reddit
518 1595 639 1646 peccatum
658 1589 720 1633 idom
740 1588 818 1633 reddit
832 1589 863 1644 (23
882 1589 912 1633 ib.
928 1588 1000 1632 modo
1018 1590 1086 1634 twice
1102 1591 1133 1633 A.

144 1639 207 1686 3-6.
221 1647 247 1685 ut
262 1641 405 1698 loquitur-
419 1641 479 1685 redit
497 1649 520 1686 et
538 1640 602 1686 deest
614 1643 644 1685 A.
728 1641 750 1685 8.
761 1642 837 1703 logica
846 1653 894 1698 pro
908 1642 986 1686 locuta
1000 1644 1034 1697 A3
1053 1642 1134 1694 locuta

144 1694 195 1749 (sic)
211 1693 244 1748 C;
259 1694 288 1738 ib.
305 1705 376 1750 super
389 1693 452 1739 deest
465 1696 496 1738 Α.
550 1706 572 1750 9.
588 1694 704 1739 obtineret
717 1695 853 1738 anticristus
866 1696 896 1738 Α.
