3090 5190
158 519 225 564 citu.
240 518 269 563 v.
494 524 539 575 DE
559 523 793 574 BLASPHEMIA.
1321 528 1360 582 79

158 684 272 741 nullum
292 695 450 758 peccatum
476 681 625 741 committi
649 695 759 758 potest,
782 681 840 739 nisi
865 683 936 739 dum
958 693 1143 756 appetuntur
1163 690 1315 752 sinconsistp
1330 692 1354 735 in

159 790 193 828 ea
226 789 284 846 que
316 770 380 846 ipse
413 771 608 846 contempsit,
643 783 696 828 aut
727 769 882 844 fugiuntur
921 787 955 826 ea
988 787 1046 845 que
1079 767 1143 843 ipse
1167 750 1349 852 ἳῇξζῃξχξῇᾗῗξξ

160 857 331 933 sustinuit);
355 857 412 915 ista
436 858 528 933 igitur
552 859 625 915 fides
649 859 686 915 de
709 857 770 916 vita
786 857 878 914 Cristi
903 870 931 914 et
955 855 1019 914 eius
1043 855 1144 913 imita-
1168 849 1354 945 ξξξέζξξξᾞὲῗῐ

160 946 245 1003 cione
277 945 307 1002 in
337 945 471 1002 motibus
495 945 618 1003 indubie
642 964 695 1020 per
718 943 910 1003 anticristum
936 958 980 1001 est
1004 943 1143 1001 extincta.
1186 955 1293 1009 example
1308 954 1331 997 tn

135 1033 276 1090 §Cristus
300 1033 379 1090 enim
404 1031 508 1090 docuit
531 1052 602 1090 suos
627 1033 774 1089 mundum
799 1031 984 1107 relinquere;
1018 1044 1047 1088 et
1075 1031 1144 1087 ideo
1186 1019 1254 1062 every
1269 1018 1328 1063 way.

160 1134 221 1177 tam
244 1119 306 1178 vita
322 1139 414 1197 quam
434 1121 526 1178 verbo
543 1119 764 1195 possessionem
788 1133 978 1177 terrenorum
1003 1117 1144 1176 deseruit.

160 1207 341 1265 Anticristus
365 1220 466 1265 autem
490 1221 614 1265 econtra
637 1205 731 1265 trahit
761 1208 799 1264 ad
827 1207 942 1278 infima,
976 1225 1045 1264 cum
1074 1225 1146 1263 con-

160 1295 253 1352 nectit
276 1313 306 1352 se
330 1314 400 1352 cum
424 1295 494 1368 illis,
518 1309 580 1353 tam
606 1307 705 1353 mente
729 1314 821 1370 quam
851 1313 989 1369 corpore.
1022 1292 1146 1350 lntricat

160 1396 260 1440 autem
277 1401 308 1440 se
325 1401 394 1439 cum
411 1381 506 1453 laicis,
531 1382 573 1440 sic
589 1384 671 1458 quod
688 1380 860 1439 necessitati
876 1395 946 1438 sunt
963 1400 1015 1456 per
1032 1382 1145 1438 clerum
1170 1407 1171 1410 ¹

118 1482 222 1528 iotam
248 1470 385 1544 exemplo
409 1470 509 1544 operis
533 1489 624 1545 quam
653 1469 776 1544 egencia
805 1469 971 1544 corporalis
998 1481 1146 1525 sustenta-

160 1556 265 1628 cionis‚
289 1555 380 1613 nimis
403 1559 560 1614 attendere
583 1559 621 1614 ad
645 1568 774 1614 terrena.
799 1557 849 1614 Sic
865 1557 957 1631 quod,
981 1556 1032 1612 ubi
1050 1557 1146 1613 clerus

160 1642 251 1701 Cristi
275 1643 483 1718 multipliciter
506 1643 595 1702 traxit
619 1643 756 1702 homines
784 1646 823 1701 ad
850 1663 1018 1715 ascensum,
1049 1644 1146 1700 clerus

160 1730 307 1788 anticristi
331 1731 421 1788 traxit
446 1730 644 1806 multiplicius
668 1733 918 1815 tid-descensum.

212 1980 231 2011 2.
247 1980 272 2010 ea
287 1968 351 2011 deest
364 1967 414 2010 AC.
475 1980 496 2022 7,
512 1967 534 2011 8.
549 1969 663 2012 convertit
677 1968 702 2012 B.
765 1981 787 2023 9.
803 1969 830 2011 ud
844 1980 889 2024 pro
905 1981 947 2024 per
961 1968 986 2011 B.
1051 1979 1146 2010 iucar-

159 2021 220 2064 ualis
234 2023 264 2064 Α.
320 2018 349 2063 13.
365 2021 393 2062 ad
410 2019 547 2063 descensum
564 2021 595 2063 do
610 2021 677 2076 peklu
692 2021 716 2063 in
731 2033 808 2077 marg.
824 2022 850 2064 C.
